%% This BibTeX bibliography file was created using BibDesk.
%% https://bibdesk.sourceforge.io/

%% Created for Ernest Marz√° Climent at 2021-11-14 21:59:33 +0100 


%% Saved with string encoding Unicode (UTF-8) 



@webpage{thymeleaf,
	author = {The Thymeleaf Team},
	date-added = {2021-11-14 21:57:29 +0100},
	date-modified = {2021-11-14 21:59:13 +0100},
	month = {Diciembre},
	organization = {Thymeleaf},
	title = {Thymeleaf Documentation},
	url = {https://www.thymeleaf.org/documentation.html},
	year = {2021}}

@book{patronesdisenyo,
	author = {E. Gamma, R. Helm},
	date-added = {2021-11-09 18:48:09 +0100},
	date-modified = {2021-11-09 19:00:10 +0100},
	editor = {Juan Manuel Cueva Lovelle},
	number = {ISBN:84-7829-059-1},
	publisher = {Addison Wesley},
	title = {Patrones de Dise{\~n}o},
	year = {2003}}

@webpage{granell-estilosarquitectura,
	author = {Granell Canut, C.},
	date-added = {2021-11-08 12:29:39 +0100},
	date-modified = {2021-11-08 13:03:58 +0100},
	journal = {EI1039},
	month = {Septiembre},
	title = {TE2 - Estilos de Arquitectura},
	url = {https://cgranell.github.io/ei1039/slides/TE2_1_estilos_arquitectura.html#1},
	year = {2021},
	bdsk-url-1 = {https://cgranell.github.io/ei1039/slides/TE2_1_estilos_arquitectura.html#1}}

@webpage{api-xataka,
	date-added = {2021-11-07 11:13:57 +0100},
	date-modified = {2021-11-07 11:18:30 +0100},
	keywords = {api, servicio api},
	month = {Agosto},
	url = {https://www.xataka.com/basics/api-que-sirve},
	year = {2019},
	bdsk-url-1 = {https://www.xataka.com/basics/api-que-sirve}}

@webpage{mockito2,
	date-added = {2021-11-02 10:44:41 +0100},
	date-modified = {2021-11-02 10:49:06 +0100},
	month = {Noviembre},
	url = {https://github.com/mockito/mockito/wiki/How-to-write-good-tests},
	year = {2021},
	bdsk-url-1 = {https://github.com/mockito/mockito/wiki/How-to-write-good-tests}}
